<record><leader>00000cas a22000007a 4500</leader><controlfield tag="001">12407354</controlfield><controlfield tag="008">850821d18721890gauwr ne      0    0eng d</controlfield><datafield ind1=" " ind2=" " tag="010"><subfield code="a">sn 85034095 </subfield></datafield><datafield ind1=" " ind2=" " tag="040"><subfield code="a">NPU</subfield><subfield code="b">eng</subfield><subfield code="c">NPU</subfield><subfield code="d">OCLCQ</subfield></datafield><datafield ind1=" " ind2=" " tag="042"><subfield code="a">msc</subfield></datafield><datafield ind1="0" ind2=" " tag="130"><subfield code="a">Catoosa weekly courier (Ringgold, Ga. : 1872)</subfield></datafield><datafield ind1="1" ind2="0" tag="245"><subfield code="a">Catoosa weekly courier.</subfield></datafield><datafield ind1=" " ind2=" " tag="260"><subfield code="a">Ringgold, Ga. :</subfield><subfield code="b">Geo. R. Ghiselin</subfield></datafield><datafield ind1=" " ind2=" " tag="300"><subfield code="a">v. ;</subfield><subfield code="c">62 cm.</subfield></datafield><datafield ind1=" " ind2=" " tag="310"><subfield code="a">Weekly</subfield></datafield><datafield ind1="1" ind2=" " tag="362"><subfield code="a">Began in 1872; ceased in 1890?</subfield><subfield code="z">Cf. Gregory, W. Amer. newspapers.</subfield></datafield><datafield ind1=" " ind2=" " tag="588"><subfield code="a">Description based on: Vol. 1, no. 46 (Mar. 13, 1873).</subfield></datafield><datafield ind1=" " ind2=" " tag="752"><subfield code="a">United States</subfield><subfield code="b">Georgia</subfield><subfield code="c">Catoosa</subfield><subfield code="d">Ringgold.</subfield></datafield></record>